<marcxml:record xmlns:xlink="http://www.w3.org/1999/xlink" xmlns:marcxml="http://www.loc.gov/MARC21/slim" xmlns:rdf="http://www.w3.org/1999/02/22-rdf-syntax-ns#" xmlns:madsrdf="http://www.loc.gov/mads/rdf/v1#" xmlns:ri="http://id.loc.gov/ontologies/RecordInfo#" xmlns:xsi="http://www.w3.org/2001/XMLSchema-instance" xmlns:mets="http://www.loc.gov/METS/" xmlns:idx="info:lc/xq-modules/lcindex" xmlns:bfidx="info:lc/xq-modules/bfidx" xmlns:semtriples="http://marklogic.com/semantic" xmlns:bf="http://id.loc.gov/ontologies/bibframe/" xmlns:bflc="http://id.loc.gov/ontologies/bflc/" xmlns:bfsimple="http://id.loc.gov/ontologies/bfsimple/" xmlns:dcterms="http://purl.org/dc/terms/">
  <marcxml:leader>01637cam a2200361 a 4500</marcxml:leader>
  <marcxml:controlfield tag="001">2123806</marcxml:controlfield>
  <marcxml:controlfield tag="005">20210416210256.0</marcxml:controlfield>
  <marcxml:controlfield tag="008">970212s1997    nyu    c      000 1 eng  </marcxml:controlfield>
  <marcxml:datafield ind1=" " ind2=" " tag="906">
    <marcxml:subfield code="a">7</marcxml:subfield>
    <marcxml:subfield code="b">cbc</marcxml:subfield>
    <marcxml:subfield code="c">orignew</marcxml:subfield>
    <marcxml:subfield code="d">1</marcxml:subfield>
    <marcxml:subfield code="e">ocip</marcxml:subfield>
    <marcxml:subfield code="f">19</marcxml:subfield>
    <marcxml:subfield code="g">y-gencatlg</marcxml:subfield>
  </marcxml:datafield>
  <marcxml:datafield ind1=" " ind2=" " tag="955">
    <marcxml:subfield code="a">pb06 to la00 02-12-97; lb13 02-14-97; lb09 02-14-97; lb15 02-18-97; cip ver. lb05 10-06-97</marcxml:subfield>
    <marcxml:subfield code="u">xk09 2021-04-16 TW situational, changed tagging on Merlin heading</marcxml:subfield>
  </marcxml:datafield>
  <marcxml:datafield ind1=" " ind2=" " tag="010">
    <marcxml:subfield code="a">   97009619 </marcxml:subfield>
  </marcxml:datafield>
  <marcxml:datafield ind1=" " ind2=" " tag="020">
    <marcxml:subfield code="a">039923019X</marcxml:subfield>
  </marcxml:datafield>
  <marcxml:datafield ind1=" " ind2=" " tag="035">
    <marcxml:subfield code="9">(DLC)   97009619</marcxml:subfield>
  </marcxml:datafield>
  <marcxml:datafield ind1=" " ind2=" " tag="040">
    <marcxml:subfield code="a">DLC</marcxml:subfield>
    <marcxml:subfield code="c">DLC</marcxml:subfield>
    <marcxml:subfield code="d">DLC</marcxml:subfield>
  </marcxml:datafield>
  <marcxml:datafield ind1=" " ind2=" " tag="042">
    <marcxml:subfield code="a">lcac</marcxml:subfield>
  </marcxml:datafield>
  <marcxml:datafield ind1="0" ind2="0" tag="050">
    <marcxml:subfield code="a">PZ7.B27567</marcxml:subfield>
    <marcxml:subfield code="b">Sev 1997</marcxml:subfield>
  </marcxml:datafield>
  <marcxml:datafield ind1="0" ind2="0" tag="082">
    <marcxml:subfield code="a">[Fic]</marcxml:subfield>
    <marcxml:subfield code="2">21</marcxml:subfield>
  </marcxml:datafield>
  <marcxml:datafield ind1="1" ind2=" " tag="100">
    <marcxml:subfield code="a">Barron, T. A.</marcxml:subfield>
  </marcxml:datafield>
  <marcxml:datafield ind1="1" ind2="4" tag="245">
    <marcxml:subfield code="a">The seven songs of Merlin /</marcxml:subfield>
    <marcxml:subfield code="c">T.A. Barron.</marcxml:subfield>
  </marcxml:datafield>
  <marcxml:datafield ind1=" " ind2=" " tag="260">
    <marcxml:subfield code="a">New York :</marcxml:subfield>
    <marcxml:subfield code="b">Philomel Books,</marcxml:subfield>
    <marcxml:subfield code="c">c1997.</marcxml:subfield>
  </marcxml:datafield>
  <marcxml:datafield ind1=" " ind2=" " tag="300">
    <marcxml:subfield code="a">306 p. ;</marcxml:subfield>
    <marcxml:subfield code="c">24 cm.</marcxml:subfield>
  </marcxml:datafield>
  <marcxml:datafield ind1="1" ind2=" " tag="490">
    <marcxml:subfield code="a">The lost years of Merlin ;</marcxml:subfield>
    <marcxml:subfield code="v">bk. 2</marcxml:subfield>
  </marcxml:datafield>
  <marcxml:datafield ind1=" " ind2=" " tag="520">
    <marcxml:subfield code="a">Having stumbled upon his hidden powers, the young wizard Merlin voyages to the Otherworld in his quest to find himself and the way to the realm of the spirit.</marcxml:subfield>
  </marcxml:datafield>
  <marcxml:datafield ind1="0" ind2="0" tag="600">
    <marcxml:subfield code="a">Merlin</marcxml:subfield>
    <marcxml:subfield code="c">(Legendary character)</marcxml:subfield>
    <marcxml:subfield code="x">Juvenile fiction.</marcxml:subfield>
  </marcxml:datafield>
  <marcxml:datafield ind1="0" ind2="1" tag="600">
    <marcxml:subfield code="a">Merlin</marcxml:subfield>
    <marcxml:subfield code="c">(Legendary character)</marcxml:subfield>
    <marcxml:subfield code="x">Fiction.</marcxml:subfield>
  </marcxml:datafield>
  <marcxml:datafield ind1=" " ind2="1" tag="650">
    <marcxml:subfield code="a">Wizards</marcxml:subfield>
    <marcxml:subfield code="x">Fiction.</marcxml:subfield>
  </marcxml:datafield>
  <marcxml:datafield ind1=" " ind2="1" tag="650">
    <marcxml:subfield code="a">Fantasy.</marcxml:subfield>
  </marcxml:datafield>
  <marcxml:datafield ind1="1" ind2=" " tag="800">
    <marcxml:subfield code="a">Barron, T. A.</marcxml:subfield>
    <marcxml:subfield code="t">Lost years of Merlin ;</marcxml:subfield>
    <marcxml:subfield code="v">bk. 2.</marcxml:subfield>
  </marcxml:datafield>
  <marcxml:datafield ind1="4" ind2="2" tag="856">
    <marcxml:subfield code="3">Contributor biographical information</marcxml:subfield>
    <marcxml:subfield code="u">http://www.loc.gov/catdir/enhancements/fy1207/97009619-b.html</marcxml:subfield>
  </marcxml:datafield>
  <marcxml:datafield ind1="4" ind2="2" tag="856">
    <marcxml:subfield code="3">Publisher description</marcxml:subfield>
    <marcxml:subfield code="u">http://www.loc.gov/catdir/enhancements/fy1207/97009619-d.html</marcxml:subfield>
  </marcxml:datafield>
  <marcxml:datafield ind1="4" ind2="1" tag="856">
    <marcxml:subfield code="3">Sample text</marcxml:subfield>
    <marcxml:subfield code="u">http://www.loc.gov/catdir/enhancements/fy1207/97009619-s.html</marcxml:subfield>
  </marcxml:datafield>
  <marcxml:datafield ind1=" " ind2=" " tag="920">
    <marcxml:subfield code="a">**LC HAS REQ'D # OF SHELF COPIES**</marcxml:subfield>
  </marcxml:datafield>
  <marcxml:datafield ind1=" " ind2=" " tag="991">
    <marcxml:subfield code="b">c-GenColl</marcxml:subfield>
    <marcxml:subfield code="h">PZ7.B27567</marcxml:subfield>
    <marcxml:subfield code="i">Sev 1997</marcxml:subfield>
    <marcxml:subfield code="p">0005833571A</marcxml:subfield>
    <marcxml:subfield code="t">Copy 1</marcxml:subfield>
    <marcxml:subfield code="w">BOOKS</marcxml:subfield>
  </marcxml:datafield>
</marcxml:record>
